@inproceedings{bringing-the-web-up-to-speed-2017,
  author    = {Haas, Andreas and Rossberg, Andreas and Schuff, Derek L. and Titzer, Ben L., and Holman, Michael and Gohman, Dan and Wagner, Luke and Zakai, Alon and Bastien, JF},
  title     = {Bringing the web up to speed with WebAssembly},
  booktitle = {Proceedings of the 38th ACM SIGPLAN Conference on Programming Language Design and Implementation},
  year      = 2017,
  month     = jun,
  pages     = {185--200},
  doi       = {https://doi.org/10.1145/3062341.3062363}
}

@inproceedings{binary-security-wasm-2020,
  author    = {Daniel Lehmann and Johannes Kinder and Michael Pradel},
  title     = {Everything Old is New Again: Binary Security of {WebAssembly}},
  booktitle = {29th USENIX Security Symposium (USENIX Security 20)},
  year      = 2020,
  month     = aug,
  isbn      = {978-1-939133-17-5},
  pages     = {217--234},
  url       = {https://www.usenix.org/conference/usenixsecurity20/presentation/lehmann},
  publisher = {USENIX Association}
}

@inproceedings{wasm-firefox-isolation-2020,
  author    = {Shravan Narayan and Craig Disselkoen and Tal Garfinkel and Nathan Froyd and Eric Rahm and Sorin Lerner and Hovav Shacham and Deian Stefan},
  title     = {Retrofitting Fine Grain Isolation in the Firefox Renderer},
  booktitle = {29th USENIX Security Symposium (USENIX Security 20)},
  year      = 2020,
  month     = aug,
  isbn      = {978-1-939133-17-5},
  pages     = {699--716},
  url       = {https://www.usenix.org/conference/usenixsecurity20/presentation/narayan},
  publisher = {USENIX Association}
}

@inproceedings{lsm-2002,
  author    = {Chris Wright and Crispin Cowan and Stephen Smalley and James Morris and Greg Kroah-Hartman},
  title     = {Linux Security Modules: General Security Support for the Linux Kernel},
  booktitle = {11th USENIX Security Symposium},
  year      = 2002,
  month     = aug,
  url       = {https://www.usenix.org/legacy/event/sec02/full_papers/wright/wright.pdf},
  publisher = {USENIX Association}
}

@inproceedings{spectre,
  author    = {Paul Kocher and Jann Horn and Anders Fogh and Daniel Genkin and Daniel Gruss and Werner Haas and Mike Hamburg and Moritz Lipp and Stefan Mangard and Thomas Prescher and Michael Schwarz and Yuval Yarom},
  title     = {Spectre Attacks: Exploiting Speculative Execution},
  booktitle = {40th IEEE Symposium on Security and Privacy (S\&P'19)},
  year      = 2019
}

@online{kernel-lsm,
  title   = {Linux Security Module Usage},
  url     = {https://www.kernel.org/doc/html/latest/admin-guide/LSM/index.html},
  urldate = {2022-05}
}

@online{selinux,
  title   = {SELinux Project},
  url     = {https://selinuxproject.org},
  urldate = {2022-05}
}

@online{smack,
  title   = {Smack Project},
  url     = {http://schaufler-ca.com},
  urldate = {2022-05}
}

@online{apparmor,
  title   = {AppArmor},
  url     = {https://www.apparmor.net},
  urldate = {2022-05}
}

@online{landlock-user-space,
  title   = {Landlock: unprivileged access control},
  url     = {https://www.kernel.org/doc/html/latest/userspace-api/landlock.html},
  author  = {Salaün Mickaël},
  year    = 2021,
  month   = mar,
  urldate = {2022-05}
}

@online{landlock-kernel,
  title   = {Landlock LSM: kernel documentation},
  url     = {https://docs.kernel.org/security/landlock.html},
  author  = {Salaün Mickaël},
  year    = 2021,
  month   = mar,
  urldate = {2022-05}
}

@online{ebpf,
  title   = {eBPF - Introduction, Tutorials \& Community Resources},
  url     = {https://ebpf.io},
  urldate = {2022-05}
}

@online{bpfcontain,
  title = {BPFContain: a container security daemon for GNU/Linux leveraging the power and safety of eBPF and Rust},
  url   = {https://github.com/willfindlay/bpfcontain-rs}
}

@online{rust-landlock,
  title = {Landlock crate: a Rust library for the Linux Landlock sandboxing feature},
  url   = {https://github.com/landlock-lsm/rust-landlock}
}

@online{go-landlock,
  title = {Go Landlock library: a Go library for the Linux Landlock sandboxing feature},
  url   = {https://github.com/landlock-lsm/go-landlock}
}

@online{wasm-website,
  title   = {WebAssembly},
  url     = {https://webassembly.org},
  urldate = {2022-05}
}

@online{activex,
  title   = {ActiveX Controls},
  url     = {https://docs.microsoft.com/en-us/previous-versions/windows/internet-explorer/ie-developer/platform-apis/aa751968(v=vs.85)?redirectedfrom=MSDN},
  urldate = {2022-05}
}

@online{native-client,
  title   = {Native Client},
  url     = {https://developer.chrome.com/docs/native-client/},
  urldate = {2022-05}
}

@online{asmjs,
  title   = {asm.js},
  url     = {http://asmjs.org},
  urldate = {2022-05}
}

@online{emscripten,
  title   = {Emscripten},
  url     = {https://emscripten.org},
  urldate = {2022-05}
}

@online{wasi,
  title   = {WASI - WebAssembly System interface},
  url     = {https://wasi.dev},
  urldate = {2022-05}
}

@online{wasmtime,
  title   = {Wasmtime - a small and efficient runtime for WebAssembly \& WASI},
  url     = {https://wasmtime.dev},
  urldate = {2022-05}
}

@online{wasmer,
  title   = {Wasmer, The Universal WebAssembly Runtime},
  url     = {https://wasmer.io},
  urldate = {2022-05}
}

@online{wasmtime-security-sandboxing,
  title   = {sandboxing - Wasmtime},
  url     = {https://docs.wasmtime.dev/security-sandboxing.html},
  urldate = {2022-05}
}

@online{wasm-w3c-announcement,
  title   = {World Wide Web Consortium (W3C) brings a new language to the Web as WebAssembly becomes a W3C Recommendation},
  url     = {https://www.w3.org/2019/12/pressrelease-wasm-rec.html.en},
  year    = 2021,
  month   = dec,
  urldate = {2022-05}
}

@online{ecma-262,
  title   = {ECMA-262 - Ecma International},
  url     = {https://www.ecma-international.org/publications-and-standards/standards/ecma-262/},
  year    = 2021,
  month   = jun,
  urldate = {2022-05}
}

@online{filesystem-mdn,
  title   = {FileSystem - Web APIs | MDN},
  url     = {https://developer.mozilla.org/en-US/docs/Web/API/FileSystem},
  urldate = {2022-05}
}

@online{webassembly-mdn,
  title   = {WebAssembly | MDN},
  url     = {https://developer.mozilla.org/en-US/docs/WebAssembly},
  urldate = {2022-06}
}

@online{caniuse,
  title   = {``WebAssembly'' | Can I use... Support tables for HTML5, CSS3, etc},
  url     = {https://caniuse.com/?search=WebAssembly},
  urldate = {2022-05}
}

@online{wasm-sandboxing-firefox,
  title   = {WebAssembly and Back Again: Fine-Grained Sandboxing in Firefox 95},
  url     = {https://hacks.mozilla.org/2021/12/webassembly-and-back-again-fine-grained-sandboxing-in-firefox-95/},
  author  = {Bobby Holley},
  year    = 2021,
  month   = dec,
  urldate = {2022-05}
}

@online{rlbox-docs,
  title   = {Practical third-party library sandboxing with RLBox},
  url     = {https://docs.rlbox.dev},
  urldate = {2022-05}
}

@online{wasi-polyfill,
  title = {WASI Web Polyfill},
  url   = {https://wasi.dev/polyfill/}
}

@book{processor-microarchitecture,
  author    = {Antonio Gonzalez and Fernando Latorre and Grigorios Magklis},
  publisher = {Morgan \& Claypool Publishers},
  title     = {Processor Microarchitecture: An Implementation Perspective},
  year      = {2011},
  page      = {72}
}